<?xml version="1.0" encoding="UTF-8"?><record xmlns="http://www.loc.gov/MARC21/slim" xmlns:cinclude="http://apache.org/cocoon/include/1.0" xmlns:zs="http://www.loc.gov/zing/srw/">
  <leader>00582cz  a2200157n  4500</leader>
  <controlfield tag="001">no 00096873 </controlfield>
  <controlfield tag="003">DLC</controlfield>
  <controlfield tag="005">20020611053306.0</controlfield>
  <controlfield tag="008">001129n| acannaabn          |a aaa     c</controlfield>
  <datafield tag="010" ind1=" " ind2=" ">
    <subfield code="a">no 00096873 </subfield>
  </datafield>
  <datafield tag="035" ind1=" " ind2=" ">
    <subfield code="a">(OCoLC)oca05365123</subfield>
  </datafield>
  <datafield tag="040" ind1=" " ind2=" ">
    <subfield code="a">WU</subfield>
    <subfield code="b">eng</subfield>
    <subfield code="c">WU</subfield>
  </datafield>
  <datafield tag="100" ind1="1" ind2=" ">
    <subfield code="a">Sarychev, A. G.</subfield>
  </datafield>
  <datafield tag="400" ind1="1" ind2=" ">
    <subfield code="a">Sarychev, Aleksandr Georgievich</subfield>
  </datafield>
  <datafield tag="670" ind1=" " ind2=" ">
    <subfield code="a">Okti︠a︡brʹskai︠a︡ revoli︠u︡t︠s︡ii︠a︡ v Rossii ... 2000:</subfield>
    <subfield code="b">t.p. (A.G. Sarychev)</subfield>
  </datafield>
  <datafield tag="670" ind1=" " ind2=" ">
    <subfield code="a">Vneshni︠a︡i︠a︡ politika Sovetskogo Soi︠u︡za ... 2001:</subfield>
    <subfield code="b">t.p. (A.G. Sarychev) colophon (Sarychev Aleksandr Georgievich)</subfield>
  </datafield>
</record>